%Rpackages

@Manual{nlme,
    title = {{nlme}: Linear and Nonlinear Mixed Effects Models},
    author = {Jose Pinheiro and Douglas Bates and Saikat DebRoy and Deepayan Sarkar and {R Core Team}},
    year = {2014},
    note = {R package version 3.1-117},
    url = {http://CRAN.R-project.org/package=nlme},
}

@Manual{feature,
  title = {feature: Feature significance for multivariate kernel density estimation},
  author = {Tarn Duong and Matt Wand},
  year = {2013},
  note = {R package version 1.2.9},
  url = {http://CRAN.R-project.org/package=feature},
}


@article{flowClust,
author = {Lo, Kenneth and Hahne, Florian and Brinkman, Ryan R and Gottardo, Rapha{\"e}l},
title = {{flowClust: a Bioconductor package for automated gating of flow cytometry data}},
journal = {BMC Bioinformatics},
year = {2009},
volume = {10},
number = {1},
pages = {145},
doi = {10.1186/1471-2105-10-145},
url = {http://www.biomedcentral.com/1471-2105/10/145},
}

@Manual{flowBeads,
  title = {flowBeads: Analysis of flow bead data},
  author = {Nikolas Pontikos},
  year = {2013},
  note = {R package version 1.0.0}
}


@Manual{flowStats,
  title = {flowStats: Statistical methods for the analysis of flow cytometry data},
  author = {Florian Hahne and Nishant Gopalakrishnan and Alireza Hadj Khodabakhshi and Chao-Jen Wong and Kyongryun Lee},
  year = {2013},
  note = {R package version 3.20.3}
}


@Manual{mitools,
title = {mitools: Tools for multiple imputation of missing data},
author = {Thomas Lumley},
year = {2012},
note = {R package version 2.1},
url = {http://CRAN.R-project.org/package=mitools}
}


@article{mice,
title = {{mice}: Multivariate Imputation by Chained Equations in {R}},
author = {Stef {van Buuren} and Karin Groothuis-Oudshoorn},
journal = {Journal of Statistical Software},
year = {2011},
volume = {45},
number = {3},
pages = {1--67},
url = {http://www.jstatsoft.org/v45/i03/}
}

@Manual{RANN,
    title = {RANN: Fast Nearest Neighbour Search (wraps Arya and Mount's ANN
library)},
    author = {Sunil Arya and David Mount and Samuel E. Kemp and Gregory Jefferis},
    year = {2013},
    note = {R package version 2.3.0},
    url = {http://CRAN.R-project.org/package=RANN},
}

@Manual{cluster,
    title = {cluster: Cluster Analysis Basics and Extensions},
    author = {Martin Maechler and Peter Rousseeuw and Anja Struyf and Mia Hubert and Kurt Hornik},
    year = {2014},
    note = {R package version 1.15.2},
}

@techreport{mclust,
    author= {Chris Fraley, Adrian E. Raftery, Brendan T. Murphy and Luca Scrucca},
    title = {mclust Version 4 for {R}: Normal Mixture Modeling for Model-Based Clustering, Classification, and Density Estimation},
    year = {2012},
    number = {597},
    institution = {Department of Statistics, University of Washington}
}

@Manual{flowBin,
  title = {flowBin: Combining multitube flow cytometry data by binning},
  author = {Kieran O'Neill},
  year = {2013},
  note = {R package version 1.0.0},
}


@Manual{flowFP,
  title = {flowFP: Fingerprinting for Flow Cytometry},
  author = {Herb Holyst and Wade Rogers},
  year = {2009},
  note = {R package version 1.18.0},
}

@InCollection{limma,
    title = {Limma: linear models for microarray data},
    author = {Gordon K. Smyth},
    booktitle = {Bioinformatics and Computational Biology Solutions using R and Bioconductor},
    editor = {R. Gentleman and V. Carey and S. Dudoit and R. Irizarry and W. Huber},
    publisher = {Springer},
    address = {New York},
    year = {2005},
    pages = {397--420},
  }


@Manual{tree,
    title = {tree: Classification and regression trees},
    author = {Brian Ripley},
    year = {2014},
    note = {R package version 1.0-35},
    url = {http://CRAN.R-project.org/package=tree},
  }


@Manual{pls,
title = {pls: Partial Least Squares and Principal Component regression},
author = {Bj√∏rn-Helge Mevik and Ron Wehrens and Kristian Hovde Liland},
year = {2013},
note = {R package version 2.4-3},
url = {http://CRAN.R-project.org/package=pls},
}

%Derived from mda:mars by Trevor Hastie and Rob Tibshirani. Uses Alan Miller's Fortran utilities with Thomas Lumley's leaps wrapper.
@Manual{earth,
title = {earth: Multivariate Adaptive Regression Spline Models},
author = {Stephen Milborrow},
year = {2014},
note = {R package version 3.2-7},
url = {http://CRAN.R-project.org/package=earth},
}


@Manual{prim,
  title = {prim: Patient Rule Induction Method (PRIM)},
  author = {Tarn Duong},
  year = {2014},
  note = {R package version 1.0.14},
  url = {http://CRAN.R-project.org/package=prim},
}

@Manual{robustbase,
    title = {robustbase: Basic Robust Statistics.},
    author = {Peter Rousseeuw and Christophe Croux and Valentin Todorov and Andreas Ruckstuhl and Matias Salibian-Barrera and Tobias Verbeke and Manuel Koller and Martin Maechler},
    year= {2015},
    note= {R package version 0.92-3},
    url= {http://CRAN.R-project.org/package=robustbase},
}


@Manual{flowMerge,
    title = {flowMerge: Cluster Merging for Flow Cytometry Data},
    author = {Greg Finak and Raphael Gottardo},
    year = {2011},
    note = {R package version 2.8.0},
}


@Manual{flowTrans,
    title = {flowTrans: Parameter Optimization for Flow Cytometry Data Transformation},
    author = {Greg Finak and Juan Manuel-Perez and Raphael Gottardo},
    year = {2010},
    note = {R package version 1.18.0},
}

@Article{openCyto,
    author = {{Finak, Greg} and {Frelinger, Jacob} and {Jiang, Wenxin} and {Newell, Evan W.} and {Ramey, John} and {Davis, Mark M.} and {Kalams, Spyros A.} and {{De Rosa}, Stephen C.} and {Gottardo, Raphael}},
    journal = {PLOS Computational Biology},
    keywords = {Bioinformatics,Biology and life sciences,Computer and information sciences,Computer architecture,Computer software,Cytophotometry,Database and informatics methods,Flow cytometry,Immunology,Medicine and health sciences,Open source software,Pipelines (computing),Preventive medicine,Public and occupational health,Research Article,Research and analysis methods,Software engineering,Software pipelines,Software tools,Spectrophotometry,Spectrum analysis techniques,Vaccination and immunization,Vaccine development},
    month = {Aug},
    number = {8},
    pages = {e1003806},
    publisher = {Public Library of Science},
    title = {OpenCyto: An Open Source Infrastructure for Scalable, Robust, Reproducible, and Automated, End-to-End Flow Cytometry Data Analysis},
    volume = {10},
    year = {2014}
}

@Manual{curvHDR,
    title = {curvHDR: curvHDR filtering of flow cytometry samples},
    author = {George Luta and Ulrike Naumann and Matt Wand},
    year = {2011},
    note = {R package version 1.0-3},
    url = {http://CRAN.R-project.org/package=curvHDR},
}
