@Manual{feature,
  title = {feature: Feature significance for multivariate kernel density estimation},
  author = {Tarn Duong and Matt Wand},
  year = {2013},
  note = {R package version 1.2.9},
  url = {http://CRAN.R-project.org/package=feature},
}


@article{flowClust,
author = {Lo, Kenneth and Hahne, Florian and Brinkman, Ryan R and Gottardo, Rapha{\"e}l},
title = {{flowClust: a Bioconductor package for automated gating of flow cytometry data}},
journal = {BMC Bioinformatics},
year = {2009},
volume = {10},
number = {1},
pages = {145},
doi = {10.1186/1471-2105-10-145},
url = {http://www.biomedcentral.com/1471-2105/10/145},
}

@Manual{flowBeads,
  title = {flowBeads: Analysis of flow bead data},
  author = {Nikolas Pontikos},
  year = {2013},
  note = {R package version 1.0.0},
}


@Manual{flowStats,
  title = {flowStats: Statistical methods for the analysis of flow cytometry data},
  author = {Florian Hahne and Nishant Gopalakrishnan and Alireza Hadj Khodabakhshi and Chao-Jen Wong and Kyongryun Lee},
  year = {2013},
  note = {R package version 3.20.3},
}


@Manual{mitools,
title = {mitools: Tools for multiple imputation of missing data},
author = {Thomas Lumley},
year = {2012},
note = {R package version 2.1},
url = {http://CRAN.R-project.org/package=mitools},
}


@article{mice,
title = {{mice}: Multivariate Imputation by Chained Equations in R},
author = {Stef {van Buuren} and Karin Groothuis-Oudshoorn},
journal = {Journal of Statistical Software},
year = {2011},
volume = {45},
number = {3},
pages = {1--67},
url = {http://www.jstatsoft.org/v45/i03/},
}


